@article{Doe12:TIA,
  author = {Federico Tombari, Samuele Salti, and Luigi Di Stefano},
  title = {Unique Signatures of Histograms for Local Surface Description},
  year = {2010}
}