

@Book{faugeras1993three-dimensional,
 author = {Faugeras, Olivier},
 title = {Three-dimensional computer vision : a geometric viewpoint},
 publisher = {MIT Press},
 year = {1993},
 address = {Cambridge, Mass},
 isbn = {978-0262061582}
 }

@Book{hartley2004multiple,
 author = {Hartley, Richard},
 title = {Multiple view geometry in computer vision},
 publisher = {Cambridge University Press},
 year = {2004},
 address = {Cambridge, UK New York},
 isbn = {978-0521540513}
 }

@Book{trucco1998introductory,
 author = {Trucco, Emanuele},
 title = {Introductory techniques for 3-D computer vision},
 publisher = {Prentice Hall},
 year = {1998},
 address = {Upper Saddle River, NJ},
 isbn = {978-0132611084}
 }

@article{SD,
title={
	Unique Signatures of Histograms for Local Surface
	Description
},
	author={Federico Tombari, Samuele Salti, Luigi Di Stefano},
	year={2010}

}

@article{
SpinImage,
	title={Using Spin Images for Efficient Object
Recognition in Cluttered 3D Scenes},
	author={Andrew E. Johnson, Martial Hebert},
	year={1999}
}

@article{biometrics,
	title={Automatic 3D Face Feature Points Extraction with Spin
	Images},
	author={Cristina Conde, Licesio J. Rodríguez-Aragón, and Enrique Cabello}
}

@article{harris,
title={A COMBINED CORNER AND EDGE DETECTOR},
author={Chris Harris, Mike Stephens},
year={1988}
}

@article{
	title={A Comparison of Affine Region Detectors},
	author={K. MIKOLAJCZYK et al.}
}

@article{robot,
	title={ Mobile robot localization and
mapping with uncertainty using scale-invariant visual landmarks},
author={Se et al.},
year={2002}

}