@INPROCEEDINGS{Doe12:TIA,
  author = {John Doe and Richard Roe},
  title = {This is an example},
  booktitle = {Proceedings of the {IEEE} Conference},
  year = {2012},
  pages = {1--8},
  abstract = {Such a nice abstract},
  keywords = {insert keywords},
  review = {some comments},
  timestamp = {2012.01.03}
}